@article{Yeung_1999,
	doi = {10.1080/00220979909598353},
	url = {https://doi.org/10.1080%2F00220979909598353},
	year = 1999,
	month = {jan},
	publisher = {Informa {UK} Limited},
	volume = {67},
	number = {3},
	pages = {197--217},
	author = {Alexander Seeshing Yeung},
	title = {Cognitive Load and Learner Expertise: Split-Attention and Redundancy Effects in Reading Comprehension Tasks With Vocabulary Definitions},
	journal = {The Journal of Experimental Education}
}
